@misc{GameWorldSize,
	Author = {LA Times},
	Year = {May, 6, 2010},
	Title = {The Largest Video Game Worlds: A Visual Comparison},
	Note = {http://www.themarysue.com/largest-video-game-worlds/},
}
@misc{firstpcg,
	Author = {Guinness World Records},
	Title = {First use of procedural generation in a video game},
	Note = {http://www.guinnessworldrecords.com/records-6000/first-use-of-procedural-generation-in-a-video-game},
}
@misc{Minecraft,
	Title = {Minecraft},
	Note = {https://minecraft.net},
}
@misc{Terraria,
	Title = {Terraria},
	Note = {http://www.terraria.org/},
}
@misc{Rust,
	Title = {Rust},
	Note = {http://playrust.com/},
}
@misc{SpeedTree,
	Title = {SpeedTree},
	Note = {http://www.speedtree.com/},
}
@misc{Unity3D,
	Title = {Unity3D},
	Note = {http://unity3d.com/},
}
@misc{Chucks,
	Author = {Thatcher Ulrich},
	Title = {Rendering Massive Terrains using Chunked Level of Detail Control},
	Note = {http://tulrich.com/geekstuff/sig-notes.pdf},
	Year = {April 14, 2012},
}
@misc{coherentnoise,
	Author = {libnoise},
	Title = {What is coherent noise?},
	Note = {http://libnoise.sourceforge.net/coherentnoise/index.html},
	Year = {April 14, 2012},
}
@misc{perlinnoise,
	Title = {Explanation of Perlin Noise. },
	Note = {http://libnoise.sourceforge.net/coherentnoise/index.html},
	Year = {October 18, 2010},
}
@misc{perlinnoise2,
	Author = {Hugo Elias},
	Title = {Perlin Noise},
	Note = {http://freespace.virgin.net/hugo.elias/models/m\_perlin.htm}
}
@misc{KenPerlin,
	Author = {Ken Perlin},
	Title = {Ken Perlin},
	Note = {http://mrl.nyu.edu/~perlin/},
}
@misc{libnoisePerlin,
	Author = {libnoise},
	Title = {Perlin Class Reference},
	Note = {http://libnoise.sourceforge.net/docs/classnoise_1_1module_1_1Perlin.html},
}
@misc{NoiseMachineMakingNoise,
	Author = {Ken Perlin},
	Title = {Making Noise},
	Note = {http://www.noisemachine.com/talk1/},
}
@misc{libnoiseVoronoi,
	Author = {libnoise},
	Title = {Voronoi Class Reference},
	Note = {http://libnoise.sourceforge.net/docs/classnoise_1_1module_1_1Voronoi.html},
}
@misc{VoronoiSweepLine,
	Author = {Steven Fortune},
	Title = {A sweepline algorithm for Voronoi diagrams},
	Year = {April 6, 1986},
}
@misc{VoronoiDiagrams:Applications,
	Author = {Scot Drysdale},
	Title = {Voronoi Diagrams: Applications from Archaology to Zoology},
	Note = {http://www.ics.uci.edu/~eppstein/gina/scot.drysdale.html},
	Year = {July 19, 1993},
}
@misc{larmor-physx,
	Author = {Unknown Author Name},
	Title = {larmor-physx},
	Note = {https://code.google.com/p/larmor-physx/},
}
@misc{worley,
	Author = {Steven Worley},
	Title = {A Cellular Texture Basis Function},
	Note = {http://www.rhythmiccanvas.com/research/papers/worley.pdf},
	Year = {July 19, 1996},
}
@misc{libnoiseBillow,
	Author = {libnoise},
	Title = {Billow Class Reference},
	Note = {http://libnoise.sourceforge.net/docs/classnoise_1_1module_1_1Billow.html},
}
@misc{libnoiseRidged,
	Author = {libnoise},
	Title = {RidgedMulti Class Reference},
	Note = {http://libnoise.sourceforge.net/docs/classnoise_1_1module_1_1RidgedMulti.html},
}
@misc{WindMap,
	Author = {Dungeon League, Experiments with procedural content generation},
	Title = {Wind Direction},
	Note = {http://www.dungeonleague.com/2010/03/28/wind-direction/},
	Year = {March 28, 2010},
}
@misc{RainShadowMap,
	Author = {Dungeon League, Experiments with procedural content generation},
	Title = {Rain Shadow},
	Note = {http://www.dungeonleague.com/2010/04/11/rain-shadow/},
	Year = {April 11, 2010},
}
@misc{Bresenham,
	Author = {Colin Flanagan},
	Title = {The Bresenham Line-Drawing Algorithm},
	Note = {http://www.cs.helsinki.fi/group/goa/mallinnus/lines/bresenh.html},
}
